@article{LHCb:2014set,
    author = "Aaij, Roel and others",
    collaboration = "LHCb",
    title = "{LHCb Detector Performance}",
    eprint = "1412.6352",
    archivePrefix = "arXiv",
    primaryClass = "hep-ex",
    reportNumber = "LHCB-DP-2014-002, CERN-PH-EP-2014-290",
    doi = "10.1142/S0217751X15300227",
    journal = "Int. J. Mod. Phys. A",
    volume = "30",
    number = "07",
    pages = "1530022",
    year = "2015"
}
@article{Cowan:2016tnm,
    author = "Cowan, G. A. and Craik, D. C. and Needham, M. D.",
    title = "{RapidSim: an application for the fast simulation of heavy-quark hadron decays}",
    eprint = "1612.07489",
    archivePrefix = "arXiv",
    primaryClass = "hep-ex",
    doi = "10.1016/j.cpc.2017.01.029",
    journal = "Comput. Phys. Commun.",
    volume = "214",
    pages = "239--246",
    year = "2017"
}
@article{LHCb:2019hro,
    author = "Aaij, Roel and others",
    collaboration = "LHCb",
    title = "{Observation of CP Violation in Charm Decays}",
    eprint = "1903.08726",
    archivePrefix = "arXiv",
    primaryClass = "hep-ex",
    reportNumber = "LHCb-PAPER-2019-006, CERN-EP-2019-042",
    doi = "10.1103/PhysRevLett.122.211803",
    journal = "Phys. Rev. Lett.",
    volume = "122",
    number = "21",
    pages = "211803",
    year = "2019"
}
@phdthesis{Betti:2019gca,
    author = "Betti, Federico",
    title = "{CP violation in $D^0 \to K^+K^-$ and $D^0 \to \pi^+ \pi^-$ decays and lepton-flavour universality test with the decay $B^0 \to D^{*-}\tau^+ \nu_\tau$}",
    doi = "10.6092/unibo/amsdottorato/8769",
    school = "Bologna U.",
    year = "2019"
}